@article{Nakamura2008,
  doi = {10.1093/pasj/60.2.293},
  url = {https://doi.org/10.1093/pasj/60.2.293},
  year = {2008},
  month = apr,
  publisher = {Oxford University Press ({OUP})},
  volume = {60},
  number = {2},
  pages = {293--296},
  author = {Tsuko Nakamura and Fumi Yoshida},
  title = {A New Surface Density Model of Jovian Trojans around Triangular Libration Points},
  journal = {Publications of the Astronomical Society of Japan}
}

@article{Dormand1980,
	doi = {10.1016/0771-050x(80)90013-3},
	url = {https://doi.org/10.1016/0771-050x(80)90013-3},
	year = {1980},
	month = mar,
	publisher = {Elsevier {BV}},
	volume = {6},
	number = {1},
	pages = {19--26},
	author = {J.R. Dormand and P.J. Prince},
	title = {A family of embedded Runge-Kutta formulae},
	journal = {Journal of Computational and Applied Mathematics}
}

@Book{Lambert1991,
	author = {Lambert, J. D.},
	title = {Numerical methods for ordinary differential systems : the initial value problem},
	publisher = {Wiley},
	year = {1991},
	address = {Chichester New York},
	isbn = {978-0-471-92990-1},
	pages = {217--220}
}

@article{Byrne1987,
	doi = {10.1016/0021-9991(87)90001-5},
	url = {https://doi.org/10.1016/0021-9991(87)90001-5},
	year = {1987},
	month = may,
	publisher = {Elsevier {BV}},
	volume = {70},
	number = {1},
	pages = {1--62},
	author = {George D Byrne and Alan C Hindmarsh},
	title = {Stiff {ODE} solvers: A review of current and coming attractions},
	journal = {Journal of Computational Physics}
}

@Book{Hairer2010,
	author = {Hairer, E},
	title = {Solving ordinary differential equations {II}},
	publisher = {Springer},
	year = {2010},
	address = {Berlin London},
	isbn = {978-3-642-05221-7},
	section = {IV.8.}
}

@article{Frank1985,
	doi = {10.1137/0722030},
	url = {https://doi.org/10.1137/0722030},
	year = {1985},
	month = jun,
	publisher = {Society for Industrial {\&} Applied Mathematics ({SIAM})},
	volume = {22},
	number = {3},
	pages = {497--514},
	author = {Reinhard Frank and Josef Schneid and Christoph W. Ueberhuber},
	title = {Stability Properties of Implicit Runge{\textendash}Kutta Methods},
	journal = {{SIAM} Journal on Numerical Analysis}
}


@article{Lagrange1772,
	author = {Joseph-Louis Lagrange},
	title = {Essai sur le Probl\'eme des Trois Corps},
	journaltitle = {Prix de lâ€™Acad\'emie Royale des Sciences de Paris},
	date = {1772},
	volume = {IX},
}

@article{Marzari2002,
	author = {Marzari, F. and Scholl, H. and Murray, C. and Lagerkvist, C.},
	year = {2002},
	month = {01},
	pages = {},
	title = {Origin and Evolution of Trojan Asteroids},
	journal = {Asteroids III}
}
