@article{Ravindran2017,
  doi = {10.1039/c7tc02253k},
  url = {https://doi.org/10.1039/c7tc02253k},
  year = {2017},
  publisher = {Royal Society of Chemistry ({RSC})},
  volume = {5},
  number = {30},
  pages = {7436--7440},
  author = {Ezhakudiyan Ravindran and Narayanasastri Somanathan},
  title = {Efficient and thermally stable non-doped red {OLEDs} based on a {\textquotedblleft}bird-like{\textquotedblright} donor{\textendash}acceptor fluorophore with aggregation induced emission enhancement and intramolecular charge transfer},
  journal = {Journal of Materials Chemistry C}
}